<record><leader>00000cas a2200000 a 4500</leader><controlfield tag="001">11064933</controlfield><controlfield tag="008">840817c18689999kyuwr ne      0    0eng d</controlfield><controlfield tag="009">330</controlfield><datafield ind1=" " ind2=" " tag="010"><subfield code="a">sn 84037828 </subfield></datafield><datafield ind1=" " ind2=" " tag="040"><subfield code="a">AQM</subfield><subfield code="b">eng</subfield><subfield code="c">AQM</subfield><subfield code="d">NPX</subfield><subfield code="d">NPU</subfield><subfield code="d">KNP</subfield><subfield code="d">MGN</subfield><subfield code="d">OCL</subfield><subfield code="d">OCLCQ</subfield><subfield code="d">KYUBL</subfield><subfield code="d">OCLCQ</subfield><subfield code="d">OCLCO</subfield><subfield code="d">OCLCF</subfield></datafield><datafield ind1="1" ind2=" " tag="029"><subfield code="a">AU@</subfield><subfield code="b">000020338866</subfield></datafield><datafield ind1=" " ind2=" " tag="042"><subfield code="a">msc</subfield></datafield><datafield ind1=" " ind2=" " tag="043"><subfield code="a">n-us-ky</subfield></datafield><datafield ind1="0" ind2="4" tag="245"><subfield code="a">The Cynthiana democrat.</subfield></datafield><datafield ind1=" " ind2=" " tag="260"><subfield code="a">Cynthiana, Ky. :</subfield><subfield code="b">West &amp; Musser</subfield></datafield><datafield ind1=" " ind2=" " tag="300"><subfield code="a">v. ;</subfield><subfield code="c">56 cm.</subfield></datafield><datafield ind1=" " ind2=" " tag="310"><subfield code="a">Weekly</subfield></datafield><datafield ind1="1" ind2=" " tag="362"><subfield code="a">Began in 1868.</subfield></datafield><datafield ind1=" " ind2=" " tag="500"><subfield code="a">Democratic.</subfield></datafield><datafield ind1=" " ind2=" " tag="500"><subfield code="a">Editors: C.W. West, 1869- ; R.W. Musser, 1869-1872; Caleb Musser, &lt;1872&gt;; Adolphus Musser, &lt;1873&gt;; Green R. Keller, &lt;1874&gt;; Adie C. Robertson, &lt;1874-1876&gt;; H.P. Diltz, &lt;1877-1880&gt;.</subfield></datafield><datafield ind1=" " ind2=" " tag="588"><subfield code="a">Description based on: Vol. 1, no. 25 (Feb. 25, 1869).</subfield></datafield><datafield ind1=" " ind2="0" tag="651"><subfield code="a">Cynthiana (Ky.)</subfield><subfield code="v">Newspapers.</subfield></datafield><datafield ind1=" " ind2="0" tag="651"><subfield code="a">Harrison County (Ky.)</subfield><subfield code="v">Newspapers.</subfield></datafield><datafield ind1=" " ind2="7" tag="655"><subfield code="a">Newspapers.</subfield><subfield code="2">fast</subfield><subfield code="0">(OCoLC)fst01423814</subfield></datafield><datafield ind1=" " ind2="7" tag="651"><subfield code="a">Kentucky</subfield><subfield code="z">Cynthiana.</subfield><subfield code="2">fast</subfield><subfield code="0">(OCoLC)fst01218103</subfield></datafield><datafield ind1=" " ind2="7" tag="651"><subfield code="a">Kentucky</subfield><subfield code="z">Harrison County.</subfield><subfield code="2">fast</subfield><subfield code="0">(OCoLC)fst01230319</subfield></datafield><datafield ind1=" " ind2=" " tag="752"><subfield code="a">United States</subfield><subfield code="b">Kentucky</subfield><subfield code="c">Harrison</subfield><subfield code="d">Cynthiana.</subfield></datafield><datafield ind1="0" ind2="5" tag="780"><subfield code="t">Log cabin (Cynthiana, Ky.)</subfield><subfield code="w">(DLC)sn 86069101</subfield><subfield code="g">Oct. 6, 1960</subfield></datafield><datafield ind1="0" ind2="5" tag="780"><subfield code="t">Robertson County news</subfield><subfield code="w">(DLC)sn 86069102</subfield><subfield code="g">Jan. 7, 1965</subfield></datafield></record>